@article{Kaplan2000ALongevity,
    title = {{A theory of human life history evolution: diet, intelligence, and longevity}},
    year = {2000},
    journal = {Evolutionary Anthropology},
    author = {Kaplan, Hillard and Hill, Kim and Lancaster, Jane and Hurtado, a M},
    pages = {156--185},
    volume = {9},
    isbn = {1060-1538},
    doi = {10.1002/1520-6505(2000)9:4<156::AID-EVAN5>3.0.CO;2-7},
    issn = {1060-1538},
    pmid = {17291359}
}

@misc{NationalBureauofStatisticsMinistryofFinance2014BasicReport,
    title = {{Basic Demographic and Socio-Economic Profile Report}},
    year = {2014},
    author = {National Bureau of Statistics Ministry of Finance, Dar es Salaam and Statistician, Office of Chief Government and Ministry of State President’s Office, State House and Good Governance, Zanzibar}
}

@article{Cavalli-Sforza1992CoevolutionRevisited.,
    title = {{Coevolution of genes and languages revisited.}},
    year = {1992},
    journal = {Proceedings of the National Academy of Sciences},
    author = {Cavalli-Sforza, L. L. and Minch, E. and Mountain, J. L. and Mountain, J.},
    number = {12},
    month = {6},
    pages = {5620--5624},
    volume = {89},
    publisher = {National Academy of Sciences},
    url = {http://www.pnas.org/cgi/doi/10.1073/pnas.89.12.5620},
    doi = {10.1073/pnas.89.12.5620},
    issn = {0027-8424},
    pmid = {1608971}
}

@article{Koster2020TheVariation,
    title = {{The life history of human foraging: Cross-cultural and individual variation}},
    year = {2020},
    journal = {Science Advances},
    author = {Koster, Jeremy and McElreath, Richard and Hill, Kim and Yu, Douglas and Shepard, Glenn and Van Vliet, Nathalie and Gurven, Michael and Trumble, Benjamin and Bird, Rebecca Bliege and Bird, Douglas and Codding, Brian and Coad, Lauren and Pacheco-Cobos, Luis and Winterhalder, Bruce and Lupo, Karen and Schmitt, Dave and Sillitoe, Paul and Franzen, Margaret and Alvard, Michael and Venkataraman, Vivek and Kraft, Thomas and Endicott, Kirk and Beckerman, Stephen and Marks, Stuart A. and Headland, Thomas and Pangau-Adam, Margaretha and Siren, Anders and Kramer, Karen and Greaves, Russell and Reyes-Garc{\'{i}}a, Victoria and Gu{\`{e}}ze, Maximilien and Duda, Romain and Fern{\'{a}}ndez-Llamazares, Álvaro and Gallois, Sandrine and Napitupulu, Lucentezza and Ellen, Roy and Ziker, John and Nielsen, Martin R. and Ready, Elspeth and Healey, Christopher and Ross, Cody},
    number = {26},
    pages = {1--8},
    volume = {6},
    doi = {10.1126/sciadv.aax9070},
    issn = {23752548},
    pmid = {32637588}
}

@article{Koster2016WisdomElders,
    title = {{Wisdom of the Elders?}},
    year = {2016},
    journal = {Current Anthropology},
    author = {Koster, Jeremy and Bruno, Orlando and Burns, Jessica L.},
    number = {1},
    pages = {113--121},
    volume = {57},
    url = {http://www.journals.uchicago.edu/doi/10.1086/684645},
    isbn = {9781553651932},
    doi = {10.1086/684645},
    issn = {0011-3204}
}